% the cliques for corroboration/omission analysis
@inproceedings{bountouridis2018explaining,
  title={Explaining credibility in news articles using cross-referencing},
  author={Bountouridis, Dimitrios and Marrero, M{\'o}nica and Tintarev, Nava and Hauff, Claudia},
  booktitle={SIGIR workshop on ExplainAble Recommendation and Search (EARS)},
  year={2018}
}

% from text2story 2019
@inproceedings{zahid2019towards,
  title={Towards the Automatic Analysis of the Structure of News Stories.},
  author={Zahid, Iqra and Zhang, Hao and Boons, Frank and Batista-Navarro, Riza},
  booktitle={Text2Story@ ECIR},
  pages={71--79},
  year={2019}
}

% the schema used by zahid2019towards
@book{bell1991language,
  title={The language of news media},
  author={Bell, Allan},
  year={1991},
  pages={147-174},
  publisher={Blackwell Oxford}
}

% visualisation
@inproceedings{ansah2019graph,
  title={A Graph is Worth a Thousand Words: Telling Event Stories using Timeline Summarization Graphs},
  author={Ansah, Jeffery and Liu, Lin and Kang, Wei and Kwashie, Selasie and Li, Jixue and Li, Jiuyong},
  booktitle={The World Wide Web Conference},
  pages={2565--2571},
  year={2019},
  organization={ACM}
}

% temporal event maps, with importance score
@article{cai2019temporal,
  title={Temporal event searches based on event maps and relationships},
  author={Cai, Yi and Xie, Haoran and Lau, Raymond YK and Li, Qing and Wong, Tak-Lam and Wang, Fu Lee},
  journal={Applied Soft Computing},
  volume={85},
  pages={105750},
  year={2019},
  publisher={Elsevier}
}

% hierarchical TDT
@inproceedings{allan2003flexible,
  title={Flexible intrinsic evaluation of hierarchical clustering for TDT},
  author={Allan, James and Feng, Ao and Bolivar, Alvaro},
  booktitle={Proceedings of the twelfth international conference on Information and knowledge management},
  pages={263--270},
  year={2003},
  organization={ACM}
}

% 2004: the need of event dependencies in TDT
@inproceedings{nallapati2004event,
  title={Event threading within news topics},
  author={Nallapati, Ramesh and Feng, Ao and Peng, Fuchun and Allan, James},
  booktitle={Proceedings of the thirteenth ACM international conference on Information and knowledge management},
  pages={446--453},
  year={2004},
  organization={ACM}
}

% Event Evolution Graph
@article{yang2009discovering,
  title={Discovering event evolution graphs from news corpora},
  author={Yang, Christopher C and Shi, Xiaodong and Wei, Chih-Ping},
  journal={IEEE Transactions on Systems, Man, and Cybernetics-Part A: Systems and Humans},
  volume={39},
  number={4},
  pages={850--863},
  year={2009},
  publisher={IEEE}
}

% frame analysis
@book{goffman1974frame,
  title={Frame analysis: An essay on the organization of experience.},
  author={Goffman, Erving},
  year={1974},
  publisher={Harvard University Press}
}
% semantic frames in understanding
@article{fillmore2006frame,
  title={Frame semantics},
  author={Fillmore, Charles J},
  journal={Cognitive linguistics: Basic readings},
  volume={34},
  pages={373--400},
  year={2006},
  publisher={Mouton de Gruyter New York}
}
% FrameNet
@inproceedings{baker1998berkeley,
  title={The berkeley framenet project},
  author={Baker, Collin F and Fillmore, Charles J and Lowe, John B},
  booktitle={Proceedings of the 17th international conference on Computational linguistics-Volume 1},
  pages={86--90},
  year={1998},
  organization={Association for Computational Linguistics}
}


% news media frames definition
@article{boydstun2014tracking,
  title={Tracking the development of media frames within and across policy issues},
  author={Boydstun, Amber E and Card, Dallas and Gross, Justin and Resnick, Paul and A Smith, Noah},
  year={2014}
}

% entman definition of framing
@article{entman1993framing,
  title={Framing: Toward clarification of a fractured paradigm},
  author={Entman, Robert M},
  journal={Journal of communication},
  volume={43},
  number={4},
  pages={51--58},
  year={1993},
  publisher={Wiley Online Library}
}

% media framing theory
@article{scheufele1999framing,
  title={Framing as a theory of media effects},
  author={Scheufele, Dietram A},
  journal={Journal of communication},
  volume={49},
  number={1},
  pages={103--122},
  year={1999},
  publisher={Wiley Online Library}
}
@article{pan1993framing,
  title={Framing analysis: An approach to news discourse},
  author={Pan, Zhongdang and Kosicki, Gerald M},
  journal={Political communication},
  volume={10},
  number={1},
  pages={55--75},
  year={1993},
  publisher={Taylor \& Francis}
}
% framing packages: framing devices and reasoning devices (macro-level)
@article{gamson1989media,
  title={Media discourse and public opinion on nuclear power: A constructionist approach},
  author={Gamson, William A and Modigliani, Andre},
  journal={American journal of sociology},
  volume={95},
  number={1},
  pages={1--37},
  year={1989},
  publisher={University of Chicago Press}
}

% language of framing, with dataset https://ecommons.cornell.edu/handle/1813/39216
@inproceedings{baumer2015testing,
  title={Testing and comparing computational approaches for identifying the language of framing in political news},
  author={Baumer, Eric and Elovic, Elisha and Qin, Ying and Polletta, Francesca and Gay, Geri},
  booktitle={Proceedings of the 2015 Conference of the North American Chapter of the Association for Computational Linguistics: Human Language Technologies},
  pages={1472--1482},
  year={2015}
}


% ----------------------------
% FRAMING TECHNIQUES

% themes
@inproceedings{tsur2015frame,
  title={A frame of mind: Using statistical models for detection of framing and agenda setting campaigns},
  author={Tsur, Oren and Calacci, Dan and Lazer, David},
  booktitle={Proceedings of the 53rd Annual Meeting of the Association for Computational Linguistics and the 7th International Joint Conference on Natural Language Processing (Volume 1: Long Papers)},
  pages={1629--1638},
  year={2015}
}
% hierarchical topics for agenda setting
@book{boydstun2013making,
  title={Making the news: Politics, the media, and agenda setting},
  author={Boydstun, Amber E},
  year={2013},
  publisher={University of Chicago Press}
}

% headline
@inproceedings{liu2019detecting,
  title={Detecting Frames in News Headlines and Its Application to Analyzing News Framing Trends Surrounding US Gun Violence},
  author={Liu, Siyi and Guo, Lei and Mays, Kate and Betke, Margrit and Wijaya, Derry Tanti},
  booktitle={Proceedings of the 23rd Conference on Computational Natural Language Learning (CoNLL)},
  pages={504--514},
  year={2019}
}

% selective quoting
@inproceedings{niculae2015quotus,
  title={Quotus: The structure of political media coverage as revealed by quoting patterns},
  author={Niculae, Vlad and Suen, Caroline and Zhang, Justine and Danescu-Niculescu-Mizil, Cristian and Leskovec, Jure},
  booktitle={Proceedings of the 24th International Conference on World Wide Web},
  pages={798--808},
  year={2015}
}
% implicit sentiment / choice of terms
@inproceedings{greene2009more,
  title={More than words: Syntactic packaging and implicit sentiment},
  author={Greene, Stephan and Resnik, Philip},
  booktitle={Proceedings of human language technologies: The 2009 annual conference of the north american chapter of the association for computational linguistics},
  pages={503--511},
  year={2009}
}

% propaganda https://propaganda.qcri.org/
@inproceedings{da2019fine,
  title={Fine-grained analysis of propaganda in news article},
  author={Da San Martino, Giovanni and Yu, Seunghak and Barr{\'o}n-Cedeno, Alberto and Petrov, Rostislav and Nakov, Preslav},
  booktitle={Proceedings of the 2019 Conference on Empirical Methods in Natural Language Processing and the 9th International Joint Conference on Natural Language Processing (EMNLP-IJCNLP)},
  pages={5640--5650},
  year={2019}
}

% lexicon based detection of frames
@article{field2018framing,
  title={Framing and agenda-setting in russian news: a computational analysis of intricate political strategies},
  author={Field, Anjalie and Kliger, Doron and Wintner, Shuly and Pan, Jennifer and Jurafsky, Dan and Tsvetkov, Yulia},
  journal={arXiv preprint arXiv:1808.09386},
  year={2018}
}




% fact-checking by comparing articles
% comparison for fact-cehcking automated
@article{karadzhov2017fully,
  title={Fully automated fact checking using external sources},
  author={Karadzhov, Georgi and Nakov, Preslav and M{\`a}rquez, Llu{\'\i}s and Barr{\'o}n-Cede{\~n}o, Alberto and Koychev, Ivan},
  journal={arXiv preprint arXiv:1710.00341},
  year={2017}
}

% perspectrum and dataset for stance ad evidence
@article{chen2019seeing,
  title={Seeing things from a different angle: Discovering diverse perspectives about claims},
  author={Chen, Sihao and Khashabi, Daniel and Yin, Wenpeng and Callison-Burch, Chris and Roth, Dan},
  journal={arXiv preprint arXiv:1906.03538},
  year={2019}
}

% reading literacy: use multiple sources
@article{anmarkrud2014multiple,
  title={Multiple-documents literacy: Strategic processing, source awareness, and argumentation when reading multiple conflicting documents},
  author={Anmarkrud, {\O}istein and Br{\aa}ten, Ivar and Str{\o}ms{\o}, Helge I},
  journal={Learning and Individual Differences},
  volume={30},
  pages={64--76},
  year={2014},
  publisher={Elsevier}
}
@article{guthrie1997literacy,
  title={Literacy issues in focus: Engagement in reading for young adolescents},
  author={Guthrie, John T and Alao, Solomon and Rinehart, Jennifer M},
  journal={Journal of Adolescent \& Adult Literacy},
  volume={40},
  number={6},
  pages={438--446},
  year={1997},
  publisher={JSTOR}
}

% LDA
@article{blei2003latent,
  title={Latent dirichlet allocation},
  author={Blei, David M and Ng, Andrew Y and Jordan, Michael I},
  journal={Journal of machine Learning research},
  volume={3},
  number={Jan},
  pages={993--1022},
  year={2003}
}

% think fast think slow
@book{kahneman2011thinking,
  title={Thinking, fast and slow},
  author={Kahneman, Daniel},
  year={2011},
  publisher={Macmillan}
}
% surface reading
@article{best2009surface,
  title={Surface reading: An introduction},
  author={Best, Stephen and Marcus, Sharon},
  journal={Representations},
  volume={108},
  number={1},
  pages={1--21},
  year={2009},
  publisher={University of California Press Journals}
}
% narrative analysis
@book{riessman1993narrative,
  title={Narrative analysis},
  author={Riessman, Catherine Kohler},
  volume={30},
  year={1993},
  publisher={Sage}
}
% causality role in narrative
@article{dahlstrom2010role,
  title={The role of causality in information acceptance in narratives: An example from science communication},
  author={Dahlstrom, Michael F},
  journal={Communication Research},
  volume={37},
  number={6},
  pages={857--875},
  year={2010},
  publisher={Sage Publications Sage CA: Los Angeles, CA}
}

% non-linearity of news stories (see example page 399)
@article{bell2005news,
  title={News stories as narratives},
  author={Bell, Allan},
  journal={The language of time: a reader},
  pages={397},
  year={2005},
  publisher={Oxford University Press on Demand}
}
% page 179 https://books.google.it/books?hl=en&lr=&id=4Zs9AAAAQBAJ&oi=fnd&pg=PA177&dq=news+event+structure&ots=-ysPmODMk9&sig=AwPDMWccv0XldPWrGS-APrJg3sQ&redir_esc=y#v=onepage&q=news%20event%20structure&f=false
@article{ungerer2000changing,
  title={News Stories and News Events: A Changing Relationship},
  author={Ungerer, Friedrich},
  journal={English Media Texts, Past and Present: Language and Textual Structure},
  volume={80},
  pages={177},
  year={2000},
  publisher={John Benjamins Publishing}
}
% diversified news vs echo chambers
@article{flaxman2016filter,
  title={Filter bubbles, echo chambers, and online news consumption},
  author={Flaxman, Seth and Goel, Sharad and Rao, Justin M},
  journal={Public opinion quarterly},
  volume={80},
  number={S1},
  pages={298--320},
  year={2016},
  publisher={Oxford University Press}
}

% term choices
@article{schuldt2011global,
  title={“Global warming” or “climate change”? Whether the planet is warming depends on question wording},
  author={Schuldt, Jonathon P and Konrath, Sara H and Schwarz, Norbert},
  journal={Public opinion quarterly},
  volume={75},
  number={1},
  pages={115--124},
  year={2011},
  publisher={Oxford University Press}
}
@article{rugg1941experiments,
  title={Experiments in wording questions: II.},
  author={Rugg, Donald},
  journal={Public opinion quarterly},
  year={1941},
  publisher={Oxford University Press}
}
@article{tversky1981framing,
  title={The framing of decisions and the psychology of choice},
  author={Tversky, Amos and Kahneman, Daniel},
  journal={science},
  volume={211},
  number={4481},
  pages={453--458},
  year={1981},
  publisher={American Association for the Advancement of Science}
}

% report about subjectivity / opinion of news
@book{blake2019news,
  title={News in a Digital Age: Comparing the Presentation of News Information over Time and Across Media Platforms},
  author={Jennifer, Kavanagh and William, Marcellino and Jonathan, Blake and Shawn, Smith and Steven, Davenport and Mahlet Gizaw, Tebeka},
  year={2019},
  publisher={Rand Corporation}
}
% sentiment and subjectivity
@incollection{liu2010sentiment,
  title={Sentiment analysis and subjectivity.},
  booktitle = {Handbook of Natural Language Processing, Second Edition},
  author={Liu, Bing},
  pages = {627--666},
  year = {2010},
  isbn = {9781420085938},
  publisher = {CRC Press Book}
}
% sentiment analysis used for bias detection
@inproceedings{park2011politics,
  title={The politics of comments: predicting political orientation of news stories with commenters' sentiment patterns},
  author={Park, Souneil and Ko, Minsam and Kim, Jungwoo and Liu, Ying and Song, Junehwa},
  booktitle={Proceedings of the ACM 2011 conference on Computer supported cooperative work},
  pages={113--122},
  year={2011}
}

% catchphrases in legal context: https://sites.google.com/view/fire2017irled/track-description
@inproceedings{mandal2017overview,
  title={Overview of the FIRE 2017 IRLeD Track: Information Retrieval from Legal Documents.},
  author={Mandal, Arpan and Ghosh, Kripabandhu and Bhattacharya, Arnab and Pal, Arindam and Ghosh, Saptarshi},
  booktitle={FIRE (Working Notes)},
  pages={63--68},
  year={2017}
}
% metaphors
@article{gao2018neural,
  title={Neural metaphor detection in context},
  author={Gao, Ge and Choi, Eunsol and Choi, Yejin and Zettlemoyer, Luke},
  journal={arXiv preprint arXiv:1808.09653},
  year={2018}
}
% cauasality
@article{asghar2016automatic,
  title={Automatic extraction of causal relations from natural language texts: a comprehensive survey},
  author={Asghar, Nabiha},
  journal={arXiv preprint arXiv:1605.07895},
  year={2016}
}

% cross comparison of narratives
@article{reiter2014nlp,
  title={An NLP-based cross-document approach to narrative structure discovery},
  author={Reiter, Nils and Frank, Anette and Hellwig, Oliver},
  journal={Literary and Linguistic Computing},
  volume={29},
  number={4},
  pages={583--605},
  year={2014},
  publisher={Oxford University Press}
}

% IDF
@article{jones1972statistical,
  title={A statistical interpretation of term specificity and its application in retrieval},
  author={Jones, Karen Sparck},
  journal={Journal of documentation},
  year={1972},
  publisher={MCB UP Ltd}
}
% TF-IDF
@inproceedings{ramos2003using,
  title={Using tf-idf to determine word relevance in document queries},
  author={Ramos, Juan and others},
  booktitle={Proceedings of the first instructional conference on machine learning},
  volume={242},
  pages={133--142},
  year={2003},
  organization={New Jersey, USA}
}


% word2vec and analogy task
@article{mikolov2013efficient,
  title={Efficient estimation of word representations in vector space},
  author={Mikolov, Tomas and Chen, Kai and Corrado, Greg and Dean, Jeffrey},
  journal={arXiv preprint arXiv:1301.3781},
  year={2013}
}
% glove
@inproceedings{pennington2014glove,
  title={Glove: Global vectors for word representation},
  author={Pennington, Jeffrey and Socher, Richard and Manning, Christopher D},
  booktitle={Proceedings of the 2014 conference on empirical methods in natural language processing (EMNLP)},
  pages={1532--1543},
  year={2014}
}
% BERT
@article{devlin2018bert,
  title={Bert: Pre-training of deep bidirectional transformers for language understanding},
  author={Devlin, Jacob and Chang, Ming-Wei and Lee, Kenton and Toutanova, Kristina},
  journal={arXiv preprint arXiv:1810.04805},
  year={2018}
}

% USE
@article{cer2018universal,
  title={Universal Sentence Encoder},
  author={Daniel Cer and Yinfei Yang and Sheng-yi Kong and Nan Hua and Nicole Limtiaco and Rhomni St. John and Noah Constant and Mario Guajardo-Cespedes and Steve Yuan and Chris Tar and Yun-Hsuan Sung and Brian Strope and Ray Kurzweil},
  journal={arXiv preprint arXiv:1803.11175},
  year={2018}
}

% XLNET
@inproceedings{yang2019xlnet,
  title={Xlnet: Generalized autoregressive pretraining for language understanding},
  author={Yang, Zhilin and Dai, Zihang and Yang, Yiming and Carbonell, Jaime and Salakhutdinov, Russ R and Le, Quoc V},
  booktitle={Advances in neural information processing systems},
  pages={5754--5764},
  year={2019}
}
% open-sesame
@article{swayamdipta:17,
  title={{Frame-Semantic Parsing with Softmax-Margin Segmental RNNs and a Syntactic Scaffold}},
  author={Swabha Swayamdipta and Sam Thomson and Chris Dyer and Noah A. Smith},
  journal={arXiv preprint arXiv:1706.09528},
  year={2017}
}
% Rhetorical structure theory
@article{mann1988rhetorical,
  title={Rhetorical structure theory: Toward a functional theory of text organization},
  author={Mann, William C and Thompson, Sandra A},
  journal={Text-interdisciplinary Journal for the Study of Discourse},
  volume={8},
  number={3},
  pages={243--281},
  year={1988},
  publisher={Walter de Gruyter, Berlin/New York}
}
@book{marcu2000theory,
  title={The theory and practice of discourse parsing and summarization},
  author={Marcu, Daniel},
  year={2000},
  publisher={MIT press}
}

% frame building
@article{hanggli2012key,
  title={Key Factors in Frame Building—Model Specification},
  author={H{\"a}nggli, Regula},
  journal={American Behavioral Scientist},
  pages={300--317},
  year={2012}
}

% frame setting
@book{iyengar1994anyone,
  title={Is anyone responsible? How television frames political issues},
  author={Iyengar, Shanto},
  year={1994},
  publisher={University of Chicago Press}
}
@article{mccombs1972agenda,
  title={The agenda-setting function of mass media},
  author={McCombs, Maxwell E and Shaw, Donald L},
  journal={Public opinion quarterly},
  volume={36},
  number={2},
  pages={176--187},
  year={1972},
  publisher={Oxford University Press}
}
@book{bryant2012fundamentals,
  title={Fundamentals of media effects},
  author={Bryant, Jennings and Thompson, Susan and Finklea, Bruce W},
  year={2012},
  publisher={Waveland Press}
}

% agenda setting
@book{cohen2015press,
  title={Press and foreign policy},
  author={Cohen, Bernard Cecil},
  year={2015},
  publisher={princeton university press}
}

% subtle framing bias
@article{morstatter2018identifying,
  title={Identifying framing bias in online news},
  author={Morstatter, Fred and Wu, Liang and Yavanoglu, Uraz and Corman, Stephen R and Liu, Huan},
  journal={ACM Transactions on Social Computing},
  volume={1},
  number={2},
  pages={1--18},
  year={2018},
  publisher={ACM New York, NY, USA}
}

% lazy for fake news
@article{pennycook2019lazy,
  title={Lazy, not biased: Susceptibility to partisan fake news is better explained by lack of reasoning than by motivated reasoning},
  author={Pennycook, Gordon and Rand, David G},
  journal={Cognition},
  volume={188},
  pages={39--50},
  year={2019},
  publisher={Elsevier}
}

@article{scheufele2007framing,
  title={Framing, agenda setting, and priming: The evolution of three media effects models},
  author={Scheufele, Dietram A and Tewksbury, David},
  journal={Journal of communication},
  volume={57},
  number={1},
  pages={9--20},
  year={2007},
  publisher={Oxford University Press}
}

% truthfinder
@article{yin2008truth,
  title={Truth discovery with multiple conflicting information providers on the web},
  author={Yin, Xiaoxin and Han, Jiawei and Philip, S Yu},
  journal={IEEE Transactions on Knowledge and Data Engineering},
  volume={20},
  number={6},
  pages={796--808},
  year={2008},
  publisher={IEEE}
}

% plagiarism
@inproceedings{potthast2010evaluation,
  title={An evaluation framework for plagiarism detection},
  author={Potthast, Martin and Stein, Benno and Barr{\'o}n-Cede{\~n}o, Alberto and Rosso, Paolo},
  booktitle={Coling 2010: Posters},
  pages={997--1005},
  year={2010}
}

% clustering
@article{carpineto2009survey,
  title={A survey of web clustering engines},
  author={Carpineto, Claudio and Osi{\'n}ski, Stanislaw and Romano, Giovanni and Weiss, Dawid},
  journal={ACM Computing Surveys (CSUR)},
  volume={41},
  number={3},
  pages={1--38},
  year={2009},
  publisher={ACM New York, NY, USA}
}
@techreport{andrews2007recent,
  title={Recent developments in document clustering},
  author={Andrews, Nicholas O and Fox, Edward A},
  year={2007},
  institution={Department of Computer Science, Virginia Polytechnic Institute \& State~…}
}

% semantic similarity, contextual similarity
@article{miller1991contextual,
  title={Contextual correlates of semantic similarity},
  author={Miller, George A and Charles, Walter G},
  journal={Language and cognitive processes},
  volume={6},
  number={1},
  pages={1--28},
  year={1991},
  publisher={Taylor \& Francis}
}

% siamese network
@inproceedings{bromley1994signature,
  title={Signature verification using a" siamese" time delay neural network},
  author={Bromley, Jane and Guyon, Isabelle and LeCun, Yann and S{\"a}ckinger, Eduard and Shah, Roopak},
  booktitle={Advances in neural information processing systems},
  pages={737--744},
  year={1994}
}


% senteval
@inproceedings{conneau-kiela-2018-senteval,
    title = "{S}ent{E}val: An Evaluation Toolkit for Universal Sentence Representations",
    author = "Conneau, Alexis  and
      Kiela, Douwe",
    booktitle = "Proceedings of the Eleventh International Conference on Language Resources and Evaluation ({LREC} 2018)",
    month = may,
    year = "2018",
    address = "Miyazaki, Japan",
    publisher = "European Language Resources Association (ELRA)",
    url = "https://www.aclweb.org/anthology/L18-1269",
}



% Text2Story
@inproceedings{mensio2020towards,
  title={Towards a Cross-article Narrative Comparison of News},
  author={Mensio, Martino and Alani, Harith and Willis, Alistair},
  booktitle={Proceedings of the Text2Story’20 Workshop},
  year={2020},
  organization={CEUR WS}
}


% --------- DATASETS -----------------
% annotated by humans
% % news media frames dataset
@inproceedings{card2015media,
  title={The media frames corpus: Annotations of frames across issues},
  author={Card, Dallas and Boydstun, Amber and Gross, Justin H and Resnik, Philip and Smith, Noah A},
  booktitle={Proceedings of the 53rd Annual Meeting of the Association for Computational Linguistics and the 7th International Joint Conference on Natural Language Processing (Volume 2: Short Papers)},
  pages={438--444},
  year={2015}
}